
% This file was created with JabRef 2.8.1.
% Encoding: Cp1252

@online{RTQ-C,
	author = "{INMETRO}",
	title = {Regulamento Técnico da Qualidade para o Nível de Eficiência Energética de Edificações Comerciais, de Serviços e Públicas.},
	year = 2013,
	url = {http://pbeedifica.com.br/sites/default/files/projetos/etiquetagem/comercial/downloads/Port372-2010_RTQ_Def_Edificacoes-C_rev01.pdf},
	note = {Acessado em 10/06/2017}
}

@online {MeioSeculo,
	author = "{VALLÊRA E BRITO}" ,
    title = {Meio Século de História Fotovoltaica.},
    year = 2006,
    url = {http://solar.fc.ul.pt/gazeta2006.pdf},
    note = {Acessado em 22/07/2018}
    }
    
@online {Telescopio,
	author = "{TELESCOPIO}" ,
    title = {O Satélite que abita a Terra por mais tempo},
    year = 2014,
    url = {<https://tellescopio.com.br/vanguard-1-o-satelite-que-orbita-a-terra-a-mais-tempo},
    note = {Acessado em 22/07/2018}
    }
    
@online {ABENS,
	author = "{ABENS}" ,
    title = {Histórico},
    year = 2017,
    url = {http://www.abens.org.br/historico-abens.php},
    note = {Acessado em 22/07/2018}
    }
    
    @online {CEPEL,
	author = "{CEPEL}" ,
    title = {Energia Solar Fotovoltaica: Estágio Atual e Perspectivas},
    year = 2003,
    url = {http://www.agg.ufba.br/cier_solarfotovoltaica.pdf},
    note = {Acessado em 22/07/2018}
    }
    
    @online {AMBIENTE,
	author = "{AMBIENTE ENERGIA}" ,
    title = {Aneel aprova novas regras para microgeração.},
    year = 2016,
    url = {https://www.ambienteenergia.com.br/index.php/2015/11/aneel-aprova-novas-regras-para-microgeracao/27623},
    note = {Acessado em 07/08/2018}
    }
    
    @online {EPE,
	author = "{EPE}" ,
    title = {Fontes eólica e solar lideram inscrições no leilão de energia para o ano de 2016.},
    year = 2013,
    url = {epe.gov.br/sites-pt/publicacoes-dados-abertos/publicacoes/PublicacoesArquivos/publicacao-107/20130905_1.pdf},
    note = {Acessado em 07/08/2018}
    }
    


@online{ManualEE,
	author = "{MINISTÉRIO DO MEIO AMBIENTE}",
	title = {Eficiência energética: guia para etiquetagem de edifícios: volume 2},
	year = 2015,
	url = {http://www.mma.gov.br/informma/item/10546},
	note = {Acessado em 10/06/2017}
}

@book{NBRISO_CIE8995,
	author = "{ASSOCIAÇÃO BRASILEIRA DE NORMAS TÉCNICAS}",
	publisher = {ABNT},
	title = {NBR ISO/CIE 8995-1: Iluminação de ambientes de trabalho Parte 1: Interior},
	year = {2013},
	pages = {46},
	address = {Rio de Janeiro - Brasil}
}

@online{BEN,
	author = "{MINISTÉRIO DE MINAS E ENERGIA}",
	title = {Balanço Energético Nacional},
	year = 2017,
	url = {https://ben.epe.gov.br/downloads/Relatorio_Final_BEN_2017.pdf},
	note = {Acessado em 03/01/2018}
}

@online{Lei,
	author = "{GOVERNO FEDERAL}",
	title = {Lei de Eficiência Energética},
	year = 2001,
	url = {http://www.procelinfo.com.br/resultadosprocel2014/lei.pdf},
	note = {Acessado em 14/01/2018}
}

@online{DesenSus,
	author = "{PEREIRA. Romilson Rodrigues.}",
	title = {Desenvolvimento sustentável: paradigmas, conceitos, dimensões e estratégias},
	year = 2012,
	url = {http://revista.tcu.gov.br/ojsp/index.php/RTCU/article/download/112/109}},
	note = {Acessado em 05/01/2018}
}

@online{OurFut,
	author = "{WORLD COMMISSION}",
	title = {Our Common Future},
	year = 1987,
	url = {http://www.un.org/documents/ga/res/42/ares42-187.htm},
	note = {Acessado em 05/01/2018}
}

@online{Rio92,
	author = "{ONU}",
	title = {Conferência das Nações Unidas sobre Meio Ambiente e Desenvolvimento Rio-92},
	year = 1992,
	url = {http://www.onu.org.br/rio20/img/2012/01/rio92.pdf},
	note = {Acessado em 05/01/2018}
}

@online{Joanesburgo,
	author = "{ONU}",
	title = {Declaração de Joanesburgo sobre Desenvolvimento Sustentável},
	year = 2002,
	url = {http://cetesb.sp.gov.br/proclima/wp-content/uploads/sites/36/2013/12/decpol.pdf},
	note = {Acessado em 05/01/2018}
}

@online{Agenda21,
	author = "{MINISTÉRIO DO MEIO AMBIENTE}",
	title = {Agenda 21 Brasileira: Ações Prioritárias/ Comissão de Políticas de Desenvolvimento Sustentável e da Agenda 21 Nacional},
	year = 2002,
	url = {http://www.mma.gov.br/estruturas/agenda21/_arquivos/acoesprio.pdf},
	note = {Acessado em 05/01/2018}
}

@online{IBGE,
	author = "{IBGE}",
	title = {Indicadores de Desenvolvimento Sustentável},
	year = 2004,
	url = {https://ww2.ibge.gov.br/home/geociencias/recursosnaturais/ids/ids_2004.shtm},
	note = {Acessado em 05/01/2018}
}

@online{INMETRO,
	author = "{INMETRO}",
	title = {ORGANISMOS DE INSPEÇÃO ACREDITADO},
	year = 2018,
	url = {http://www.inmetro.gov.br/organismos/resultado_consulta.asp},
	note = {Acessado em 08/01/2018}
}

@online{Doc,
	author = "{INMETRO}",
	title = {REQUISITOS DE AVALIAÇÃO DA CONFORMIDADE PARA EFICIÊNCIA ENERGÉTICA DE EDIFICAÇÕES},
	year = 2013,
	url = {http://www.inmetro.gov.br/legislacao/rtac/pdf/RTAC001961.pdf},
	note = {Acessado em 08/01/2018}
}

@online{Dimer,
	author = "{COCUROCI, Marcelo}",
	title = {Dimerização},
	year = 2016,
	url = {http://www.cocurocihome.com.br/o-que-e-e-como-funciona-o-consumo-de-energia-com-dimerizacao/},
	note = {Acessado em 18/01/2018}
}


@online{Dimer2,
	author = "{G20}",
	title = {O CONFORTO E A ECONOMIA NA DIMERIZAÇÃO COM LÂMPADAS DE LED},
	year = 2016,
	url = {http://www.cocurocihome.com.br/o-que-e-e-como-funciona-o-consumo-de-energia-com-dimerizacao/},
	note = {Acessado em 18/01/2018}
}

@online{Copel,
	author = "{COPEL}",
	title = {Tipos de Lâmpadas},
	year = 2016,
	url = {http://www.copel.com/hpcopel/root/nivel2.jsp?endereco=%2Fhpcopel%2Froot%2Fpagcopel2.nsf%2F5d546c6fdeabc9a1032571000064b22e%2F423c114f77e78e81032573f7004b2e92},
	note = {Acessado em 07/01/2018}
}

@online{Copel,
	author = "{COPEL}",
	title = {Tipos de Lâmpadas},
	year = 2016,
	url = {http://www.copel.com/hpcopel/root/nivel2.jsp?endereco=%2Fhpcopel%2Froot%2Fpagcopel2.nsf%2F5d546c6fdeabc9a1032571000064b22e%2F423c114f77e78e81032573f7004b2e92},
	note = {Acessado em 07/01/2018}
}


@online{Figlamp1,
	author = "{BLOG DECORWATTS}",
	title = {Tipos de lâmpadas: como escolher a melhor opção?},
	year = 2016,
	url = {http://blogdecorwatts.com/lampadas/tipos-de-lampadas-como-escolher/},
	note = {Acessado em 07/01/2018}
}

@online{Planta,
	author = "{GIGLIO, Thalita Gorban Ferreira}",
	title = {Plantas do CTU},
	year = 2011,
	url = {}
}

@online{UEL,
	author = "{UEL}",
	title = {Fotos do CTU},
	year = 2018,
	url = {http://www.uel.br/ctu/portal/?page_id=23}
}










